@InProceedings{boundaryLabelling,
author="Bekos, M. A.
and Kaufmann, M.
and Potika, K.
and Symvonis, A.",
editor="Bozanis, Panayiotis
and Houstis, Elias N.",
title="Boundary Labelling of Optimal Total Leader Length",
booktitle="Advances in Informatics",
year="2005",
publisher="Springer Berlin Heidelberg",
address="Berlin, Heidelberg",
pages="80--89",
abstract="In this paper, we consider the leader length minimization problem for boundary labelling, i.e. the problem of finding a legal leader-label placement, such that the total leader length is minimized. We present an O(n2log3n) algorithm assuming type-opoleaders (rectilinear lines with either zero or two bends) and labels of uniform size which can be attached to all four sides of rectangle R. Our algorithm supports fixed and sliding ports, i.e., the point where each leader is connected to the label (referred to as port) may be fixed or may slide along a label edge.",
isbn="978-3-540-32091-3"
},
@inproceedings{Bekos:2006:PLM:1151903.1151906,
 author = {Bekos, Michael A. and Kaufmann, Michael and Potika, Katerina and Symvonis, Antonios},
 title = {Polygon Labelling of Minimum Leader Length},
 booktitle = {Proceedings of the 2006 Asia-Pacific Symposium on Information Visualisation - Volume 60},
 series = {APVis '06},
 year = {2006},
 isbn = {1-920682-41-4},
 location = {Tokyo, Japan},
 pages = {15--21},
 numpages = {7},
 url = {http://dl.acm.org/citation.cfm?id=1151903.1151906},
 acmid = {1151906},
 publisher = {Australian Computer Society, Inc.},
 address = {Darlinghurst, Australia, Australia},
 keywords = {boundary labelling, floating sites, map labelling, polygons},
} ,
@inproceedings{Gemsa:2011:BAP:2093973.2094012,
 author = {Gemsa, Andreas and Haunert, Jan-Henrik and N\"{o}llenburg, Martin},
 title = {Boundary-labeling Algorithms for Panorama Images},
 booktitle = {Proceedings of the 19th ACM SIGSPATIAL International Conference on Advances in Geographic Information Systems},
 series = {GIS '11},
 year = {2011},
 isbn = {978-1-4503-1031-4},
 location = {Chicago, Illinois},
 pages = {289--298},
 numpages = {10},
 url = {http://doi.acm.org/10.1145/2093973.2094012},
 doi = {10.1145/2093973.2094012},
 acmid = {2094012},
 publisher = {ACM},
 address = {New York, NY, USA},
 keywords = {GIS, boundary labeling, dynamic programming, label placement, panorama images, sliding labels, visualization},
} ,
@inproceedings{purchase1995validating,
  title={Validating graph drawing aesthetics},
  author={Purchase, Helen C and Cohen, Robert F and James, Murray},
  booktitle={International Symposium on Graph Drawing},
  pages={435--446},
  year={1995},
  organization={Springer}
},
@mastersthesis{van2017improved,
  title={Improved Automatic Generation of Curved Nonograms},
  author={van de Kerkhof, MA},
  year={2017}
},
@inproceedings{salcedo2007solving,
  title={Solving Japanese puzzles with heuristics},
  author={Salcedo-Sanz, Sancho and Ortiz-Garca, Emilio G and P{\'e}rez-Bellido, Angel M and Portilla-Figueras, Antonio and Yao, Xin},
  booktitle={2007 IEEE Symposium on Computational Intelligence and Games},
  pages={224--231},
  year={2007},
  organization={IEEE}
},
@inproceedings{smith2013quantifying,
  title={Quantifying over play: Constraining undesirable solutions in puzzle design.},
  author={Smith, Adam M and Butler, Eric and Popovic, Zoran},
  booktitle={FDG},
  pages={221--228},
  year={2013}
},
@article{ortiz2007automated,
  title={Automated generation and visualization of picture-logic puzzles},
  author={Ortiz-Garc{\'\i}a, Emilio G and Salcedo-Sanz, Sancho and Leiva-Murillo, Jose M and P{\'e}rez-Bellido, Angel M and Portilla-Figueras, Jos{\'e} A},
  journal={Computers \& Graphics},
  volume={31},
  number={5},
  pages={750--760},
  year={2007},
  publisher={Elsevier}
},
@article{purchase2002metrics,
  title={Metrics for graph drawing aesthetics},
  author={Purchase, Helen C},
  journal={Journal of Visual Languages \& Computing},
  volume={13},
  number={5},
  pages={501--516},
  year={2002},
  publisher={Elsevier}
},
@article{ware2002cognitive,
  title={Cognitive measurements of graph aesthetics},
  author={Ware, Colin and Purchase, Helen and Colpoys, Linda and McGill, Matthew},
  journal={Information visualization},
  volume={1},
  number={2},
  pages={103--110},
  year={2002},
  publisher={SAGE Publications Sage UK: London, England}
},
@inproceedings{hartmann2005metrics,
  title={Metrics for functional and aesthetic label layouts},
  author={Hartmann, Knut and G{\"o}tzelmann, Timo and Ali, Kamran and Strothotte, Thomas},
  booktitle={International Symposium on Smart Graphics},
  pages={115--126},
  year={2005},
  organization={Springer}
},
@inproceedings{hartmann2004floating,
  title={Floating labels: Applying dynamic potential fields for label layout},
  author={Hartmann, Knut and Ali, Kamran and Strothotte, Thomas},
  booktitle={International Symposium on Smart Graphics},
  pages={101--113},
  year={2004},
  organization={Springer}
},
@inproceedings{vollick2007specifying,
  title={Specifying label layout style by example},
  author={Vollick, Ian and Vogel, Daniel and Agrawala, Maneesh and Hertzmann, Aaron},
  booktitle={Proceedings of the 20th annual ACM symposium on User interface software and technology},
  pages={221--230},
  year={2007},
  organization={ACM}
},
@article{been2006dynamic,
  title={Dynamic map labeling},
  author={Been, Ken and Daiches, Eli and Yap, Chee},
  journal={IEEE Transactions on visualization and computer graphics},
  volume={12},
  number={5},
  pages={773--780},
  year={2006},
  publisher={IEEE}
},
@inproceedings{schreyer2002letting,
  title={Letting ants labeling point features [sic.: for'labeling'read'label']},
  author={Schreyer, Michael and Raidl, G{\"u}nther R},
  booktitle={Proceedings of the 2002 Congress on Evolutionary Computation. CEC'02 (Cat. No. 02TH8600)},
  volume={2},
  pages={1564--1569},
  year={2002},
  organization={IEEE}
},
@inproceedings{barth2015readability,
  title={On the readability of boundary labeling},
  author={Barth, Lukas and Gemsa, Andreas and Niedermann, Benjamin and N{\"o}llenburg, Martin},
  booktitle={International Symposium on Graph Drawing},
  pages={515--527},
  year={2015},
  organization={Springer}
},
@article{bekos2007boundary,
  title={Boundary labeling: Models and efficient algorithms for rectangular maps},
  author={Bekos, Michael A and Kaufmann, Michael and Symvonis, Antonios and Wolff, Alexander},
  journal={Computational Geometry},
  volume={36},
  number={3},
  pages={215--236},
  year={2007},
  publisher={Elsevier}
},
@inproceedings{van2019design,
  title={Design and automated generation of Japanese picture puzzles},
  author={van de Kerkhof, Mees and de Jong, Tim and Parment, Raphael and L{\"o}ffler, Maarten and Vaxman, Amir and van Kreveld, Marc},
  booktitle={Computer Graphics Forum},
  volume={38},
  number={2},
  pages={343--353},
  year={2019},
  organization={Wiley Online Library}
},
@mastersthesis{de2016concept,
  title={The concept and automatic generation of the Curved Nonogram puzzle},
  author={de Jong, TK},
  year={2016}
},
@article{loffler2014connect,
  title={The Connect-The-Dots family of puzzles: design and automatic generation},
  author={L{\"o}ffler, Maarten and Kaiser, Mira and van Kapel, Tim and Klappe, Gerwin and van Kreveld, Marc and Staals, Frank},
  journal={ACM Transactions on Graphics (TOG)},
  volume={33},
  number={4},
  pages={72},
  year={2014},
  publisher={ACM}
},
@inproceedings{iturriaga1999elastic,
  title={Elastic labels around the perimeter of a map},
  author={Iturriaga, Claudia and Lubiw, Anna},
  booktitle={Workshop on Algorithms and Data Structures},
  pages={306--317},
  year={1999},
  organization={Springer}
},
@article{zoraster1997practical,
  title={Practical Results Using Simulated Annealing for Point Feature Label Placement},
  author={Zoraster, Steven},
  journal={Cartography \& Geographic Information Systems},
  volume={24},
  number={4},
  pages={228},
  year={1997},
  publisher={Cartography and Geographic Information Society, Inc.}
},
@inproceedings{bekos2019external,
  title={External Labeling Techniques: A Taxonomy and Survey},
  author={Bekos, Michael A and Niedermann, Benjamin and N{\"o}llenburg, Martin},
  booktitle={Computer Graphics Forum},
  volume={38},
  number={3},
  pages={833--860},
  year={2019},
  organization={Wiley Online Library}
},
@article{bekos2010boundary,
  title={Boundary labeling with octilinear leaders},
  author={Bekos, Michael A and Kaufmann, Michael and N{\"o}llenburg, Martin and Symvonis, Antonios},
  journal={Algorithmica},
  volume={57},
  number={3},
  pages={436--461},
  year={2010},
  publisher={Springer}
},
@article{fink2012algorithms,
  title={Algorithms for labeling focus regions},
  author={Fink, Martin and Haunert, Jan-Henrik and Schulz, Andr{\'e} and Spoerhase, Joachim and Wolff, Alexander},
  journal={IEEE Transactions on Visualization and Computer Graphics},
  volume={18},
  number={12},
  pages={2583--2592},
  year={2012},
  publisher={IEEE}
},
@inproceedings{nollenburg2010dynamic,
  title={Dynamic one-sided boundary labeling},
  author={N{\"o}llenburg, Martin and Polishchuk, Valentin and Sysikaski, Mikko},
  booktitle={Proceedings of the 18th SIGSPATIAL International Conference on Advances in Geographic Information Systems},
  pages={310--319},
  year={2010}
},
@inproceedings{bekos2006multi,
  title={Multi-stack boundary labeling problems},
  author={Bekos, Michael A and Kaufmann, Michael and Potika, Katerina and Symvonis, Antonios},
  booktitle={International Conference on Foundations of Software Technology and Theoretical Computer Science},
  pages={81--92},
  year={2006},
  organization={Springer}
},
@misc{justrecursion,
  author = {Travis Athougies},
  title = {Dynamic programming in Haskell is just recursion},
  year = 2018,
 howpublished = {\url{http://travis.athougies.net/posts/2018-05-05-dynamic-programming-is-recursion.html}},
  urldate = {2020-04-02}
},
@inproceedings{van2019not,
  title={That Is Not Art, It Is a Puzzle!},
  author={van Deventer, Oskar and others},
  booktitle={Bridges 2019 Conference Proceedings},
  pages={1--8},
  year={2019},
  organization={Tessellations Publishing}
},
@inproceedings{karhulahti2012puzzle,
  title={Puzzle Art in Story Worlds: Experience, Expression and Evaluation},
  author={Karhulahti, Veli-Matti},
  booktitle={6th International Conference on the Philosophy of Computer Games: the Nature of Player Experience},
  year={2012}
},
@inproceedings{karhulahti2013puzzle,
  title={Puzzle Is Not a Game! Basic Structures of Challenge.},
  author={Karhulahti, Veli-Matti},
  booktitle={DiGRA Conference},
  year={2013}
},
@incollection{browne2013metrics,
  title={Metrics for better puzzles},
  author={Browne, Cameron},
  booktitle={Game Analytics},
  pages={769--800},
  year={2013},
  publisher={Springer}
},
@inproceedings{smith2012case,
  title={A case study of expressively constrainable level design automation tools for a puzzle game},
  author={Smith, Adam M and Andersen, Erik and Mateas, Michael and Popovi{\'c}, Zoran},
  booktitle={Proceedings of the International Conference on the Foundations of Digital Games},
  pages={156--163},
  year={2012}
},
@article{yu2011efficient,
  title={An efficient algorithm for solving nonograms},
  author={Yu, Chiung-Hsueh and Lee, Hui-Lung and Chen, Ling-Hwei},
  journal={Applied Intelligence},
  volume={35},
  number={1},
  pages={18--31},
  year={2011},
  publisher={Springer}
},
@article{ueda1996np,
  title={NP-completeness results for NONOGRAM via parsimonious reductions},
  author={Ueda, Nobuhisa and Nagao, Tadaaki},
  journal={preprint},
  year={1996}
},
@article{batenburg2009constructing,
  title={Constructing simple nonograms of varying difficulty},
  author={Batenburg, K Joost and Henstra, Sjoerd and Kosters, Walter A and Palenstijn, Willem Jan},
  journal={Pure Mathematics and Applications (Pu. MA)},
  volume={20},
  pages={1--15},
  year={2009}
},
@article{batenburg2009solving,
  title={Solving Nonograms by combining relaxations},
  author={Batenburg, Kees Joost and Kosters, Walter A},
  journal={Pattern Recognition},
  volume={42},
  number={8},
  pages={1672--1683},
  year={2009},
  publisher={Elsevier}
}

